<?xml version="1.0" encoding="utf-8"?>
<record xmlns="http://www.loc.gov/MARC21/slim" xmlns:xsi="http://www.w3.org/2001/XMLSchema-instance" xsi:schemaLocation="http://www.loc.gov/MARC21/slim http://www.loc.gov/standards/marcxml/schema/MARC21slim.xsd">
	<leader>     nam a22        4500</leader>
	<controlfield tag="001">3059193</controlfield>
	<controlfield tag="003">NNC</controlfield>
	<controlfield tag="006">m        d        </controlfield>
	<controlfield tag="007">cr cn |||m|||a</controlfield>
	<controlfield tag="008">160323m19569999ir      ob    000 0 ara  </controlfield>
	<datafield ind1=" " ind2=" " tag="040">
		<subfield code="a">NNU</subfield>
		<subfield code="b">eng</subfield>
		<subfield code="e">rda</subfield>
		<subfield code="c">NNU</subfield>
	</datafield>
	<datafield ind1="0" ind2="4" tag="050">
		<subfield code="a">BP193.25</subfield>
		<subfield code="b">.H87</subfield>
	</datafield>
	<datafield ind1="1" ind2=" " tag="100">
		<subfield code="6">880-01</subfield>
		<subfield code="a">Ḥurr al-ʻĀmilī, Muḥammad ibn al-Ḥasan,</subfield>
		<subfield code="d">1624-1693.</subfield>
	</datafield>
	<datafield ind1="1" ind2="0" tag="245">
		<subfield code="6">880-02</subfield>
		<subfield code="a">Wasāʼil al-Shīʻah ilá taḥṣīl masāʼil al-sharīʻah /</subfield>
		<subfield code="c">taʼlīf Muḥammad ibn al-Ḥasan al-Ḥurr al-ʻĀmilī.</subfield>
	</datafield>
	<datafield ind1=" " ind2=" " tag="260">
		<subfield code="6">880-03</subfield>
		<subfield code="a">Ṭihrān :</subfield>
		<subfield code="b">Maktabat al-Islāmīyah,</subfield>
		<subfield code="c">1376- [1956]-</subfield>
	</datafield>
	<datafield ind1=" " ind2=" " tag="300">
		<subfield code="a">online resource (volumes in)</subfield>
	</datafield>
	<datafield ind1=" " ind2=" " tag="336">
		<subfield code="a">text</subfield>
		<subfield code="2">rdacontent</subfield>
	</datafield>
	<datafield ind1=" " ind2=" " tag="337">
		<subfield code="a">computer</subfield>
		<subfield code="2">rdamedia</subfield>
	</datafield>
	<datafield ind1=" " ind2=" " tag="338">
		<subfield code="a">online resource</subfield>
		<subfield code="2">rdacarrier</subfield>
	</datafield>
	<datafield ind1=" " ind2=" " tag="500">
		<subfield code="a">Vols. 1- edited by A. al-Rabbānī ; v. by M. Rāzī and A.H. Shaʻrānī.</subfield>
	</datafield>
	<datafield ind1=" " ind2=" " tag="500">
		<subfield code="a">Part of the Arabic Collections Online (ACO) project, contributed by Columbia University Libraries.</subfield>
	</datafield>
	<datafield ind1=" " ind2=" " tag="504">
		<subfield code="a">Includes bibliographical references.</subfield>
	</datafield>
	<datafield ind1="1" ind2=" " tag="505">
		<subfield code="6">880-04</subfield>
		<subfield code="a">Mujallad 1. al-Ṭahārah 2 v. -- mujallad 2-3. al-Ṣalāh 3 v. -- mujallad 4, juzʼ 1. al-Zakāh. al-Khums. juzʼ 2. al-Ṣawm. al-Iʻtikāf 2 v. -- mujallad 5. al-Ḥajj 3 v. -- mujallad 6. [juzʼ 1.] al-Jihād. al-Amr bi-al-maʻrūf wa-al-nahī ʻan al-munkar. juzʼ 2. al-Tijārah. juzʼ 3. al-Tijārah. al-Rahn. al-Ḥajr. al-Ḍammān. al-Ṣulh. al-Shirkah. al-Muḍāribah. al-Muzārʻah. wa-al-musāqāh. al-Wadīʻah. al-ʻĀrīyah. al-Ijārah. al-Wikālah. al-Wuqūf wa-al-ṣadiqāt. al-Sukná wa-al-ḥabīs. al-Hibbāt. al-Subq wa-al-rimāyah. al-Waṣāyā. 3 v. mujallad 7. al-Nikāḥ</subfield>
	</datafield>
	<datafield ind1=" " ind2=" " tag="533">
		<subfield code="a">Electronic reproduction.</subfield>
		<subfield code="b">New York, N.Y. :</subfield>
		<subfield code="c">New York University,</subfield>
		<subfield code="d">2016.</subfield>
		<subfield code="5">NNU</subfield>
	</datafield>
	<datafield ind1=" " ind2="0" tag="650">
		<subfield code="a">Hadith (Shiites)</subfield>
	</datafield>
	<datafield ind1=" " ind2="7" tag="650">
		<subfield code="a">Hadith (Shiites)</subfield>
		<subfield code="2">fast</subfield>
		<subfield code="0">(OCoLC)fst00950138</subfield>
	</datafield>
	<datafield ind1="1" ind2=" " tag="700">
		<subfield code="6">880-05</subfield>
		<subfield code="a">Rabbānī, ʻAbd al-Raḥīm.</subfield>
	</datafield>
	<datafield ind1="1" ind2=" " tag="700">
		<subfield code="6">880-06</subfield>
		<subfield code="a">Rāzī, Muḥammad,</subfield>
		<subfield code="d">1922-</subfield>
	</datafield>
	<datafield ind1="1" ind2=" " tag="700">
		<subfield code="6">880-07</subfield>
		<subfield code="a">Shaʻrānī, Abū al-Ḥasan.</subfield>
	</datafield>
	<datafield ind1="2" ind2=" " tag="710">
		<subfield code="a">Columbia University.</subfield>
		<subfield code="b">Libraries.</subfield>
	</datafield>
	<datafield ind1="0" ind2=" " tag="730">
		<subfield code="a">Arabic Collections Online.</subfield>
	</datafield>
	<datafield ind1="0" ind2="8" tag="776">
		<subfield code="i">Print version:</subfield>
		<subfield code="a">Ḥurr al-ʻĀmilī, Muḥammad ibn al-Ḥasan, 1624-1693.</subfield>
		<subfield code="t">Wasāʼil al-Shīʻah ilá taḥṣīl masāʼil al-sharīʻah</subfield>
		<subfield code="w">(NNC)3059193</subfield>
		<subfield code="w">(DLC)   71232322 </subfield>
		<subfield code="w">(OCoLC)19716360</subfield>
	</datafield>
	<datafield ind1="4" ind2="0" tag="856">
		<subfield code="u">http://hdl.handle.net/2333.1/ffbg7dnk</subfield>
	</datafield>
	<datafield ind1="1" ind2=" " tag="880">
		<subfield code="6">100-01/r</subfield>
		<subfield code="a">حرب العاملي، محمد بن الحسن،,</subfield>
		<subfield code="d">1624-1693.</subfield>
	</datafield>
	<datafield ind1="1" ind2="0" tag="880">
		<subfield code="6">245-02/r</subfield>
		<subfield code="a">وسائل الشيعة الى تحصيل مسائل الشريعة /</subfield>
		<subfield code="c">تأليف محمد بن الحسن الحر العاملي.</subfield>
	</datafield>
	<datafield ind1=" " ind2=" " tag="880">
		<subfield code="6">260-03/r</subfield>
		<subfield code="a">طهران :</subfield>
		<subfield code="b">مكتبة الإسلامية،</subfield>
		<subfield code="c">1376- [1956]-</subfield>
	</datafield>
	<datafield ind1="1" ind2=" " tag="880">
		<subfield code="6">505-04/r</subfield>
		<subfield code="a">مجلد 1. الطهارة 2 v. -- مجلد 2-3. الصلاة 3 v. -- مجلد 4، جزء 1. الزكاه. الخمس. جزء 2. الصوم. الإعتكاف 2 v. -- مجلد 5. الحج 3 v. -- مجلد 6. [جزء 1.] الجهاد. الأمر بالمعروف والنهي عن المنكر. جزء 2. التجارة. جزء 3. التجارة. الرهن. الحجر. الضمان. الصلح. الشركة. المضاربة. المزارعة. والمساقاة. الوديعة. العارية. الإجارة. الوكالة. الوقوف والصدقات. السكنى والحبيس. الهبات. السبق والرماية. الوصايا. 3 v. -- مجلد 7. النكاح.</subfield>
	</datafield>
	<datafield ind1="1" ind2=" " tag="880">
		<subfield code="6">700-05/r</subfield>
		<subfield code="a">رباني، عبد الرحيم.</subfield>
	</datafield>
	<datafield ind1="1" ind2=" " tag="880">
		<subfield code="6">700-06/r</subfield>
		<subfield code="a">رازي، محمد،,</subfield>
		<subfield code="d">1922.</subfield>
	</datafield>
	<datafield ind1="1" ind2=" " tag="880">
		<subfield code="6">700-07/r</subfield>
		<subfield code="a">شعراني، أبو الحسن.</subfield>
	</datafield>
	<datafield ind1=" " ind2=" " tag="959">
		<subfield code="a">NNU</subfield>
		<subfield code="b">WEB</subfield>
		<subfield code="c">GENI</subfield>
		<subfield code="t">0</subfield>
		<subfield code="m">Electronic access</subfield>
		<subfield code="s">01</subfield>
	</datafield>
	<datafield ind1=" " ind2=" " tag="999">
		<subfield code="i">NNC_3059193</subfield>
		<subfield code="o">(OCoLC)ocm19716360 </subfield>
		<subfield code="s">columbia_aco001628:v.1</subfield>
		<subfield code="s">columbia_aco001629:v.2</subfield>
		<subfield code="s">columbia_aco001630:v.3</subfield>
		<subfield code="s">columbia_aco001631:v.4</subfield>
		<subfield code="s">columbia_aco001632:v.5</subfield>
		<subfield code="s">columbia_aco001633:v.6</subfield>
		<subfield code="s">columbia_aco001634:v.7</subfield>
		<subfield code="s">columbia_aco001635:v.8</subfield>
		<subfield code="s">columbia_aco001636:v.9</subfield>
		<subfield code="s">columbia_aco001637:v.10</subfield>
		<subfield code="s">columbia_aco001638:v.11</subfield>
		<subfield code="s">columbia_aco001639:v.12</subfield>
		<subfield code="s">columbia_aco001640:v.13</subfield>
		<subfield code="s">columbia_aco001641:v.15</subfield>
		<subfield code="s">columbia_aco001642:v.16</subfield>
		<subfield code="s">columbia_aco001643:v.17</subfield>
		<subfield code="s">columbia_aco001644:v.18</subfield>
		<subfield code="s">columbia_aco001645:v.19</subfield>
		<subfield code="s">columbia_aco001646:v.20</subfield>
	</datafield>
</record>
